<?xml version="1.0" encoding="UTF-8" ?><marc:collection xmlns:marc="http://www.loc.gov/MARC21/slim" xmlns:xsi="http://www.w3.org/2001/XMLSchema-instance" xsi:schemaLocation="http://www.loc.gov/MARC21/slim http://www.loc.gov/standards/marcxml/schema/MARC21slim.xsd">
<marc:record><marc:leader>05888nam a2200553   4500</marc:leader>
<marc:controlfield tag="001">6049</marc:controlfield>
<marc:controlfield tag="003">aeadna</marc:controlfield><marc:controlfield tag="005">20100502082100.0</marc:controlfield><marc:controlfield tag="008">970920s1882    le     f 000da00| 0|ara d</marc:controlfield><marc:datafield tag="035" ind1=" " ind2=" "><marc:subfield code="a">(Sirsi) 6049</marc:subfield></marc:datafield><marc:datafield tag="040" ind1=" " ind2=" "><marc:subfield code="a">nal</marc:subfield><marc:subfield code="b">ara</marc:subfield><marc:subfield code="e">AACR2</marc:subfield></marc:datafield><marc:datafield tag="041" ind1="0" ind2=" "><marc:subfield code="a">ara</marc:subfield></marc:datafield><marc:datafield tag="050" ind1=" " ind2="4"><marc:subfield code="a">PJ6620</marc:subfield><marc:subfield code="b">.I2 1882</marc:subfield></marc:datafield><marc:datafield tag="066" ind1=" " ind2=" "><marc:subfield code="c">(3</marc:subfield></marc:datafield><marc:datafield tag="082" ind1="1" ind2="0"><marc:subfield code="a">413.122</marc:subfield><marc:subfield code="b">21</marc:subfield></marc:datafield><marc:datafield tag="100" ind1="2" ind2=" "><marc:subfield code="a">ابن منظور، محمد بن مكرم،</marc:subfield><marc:subfield code="d">1232-1311.</marc:subfield></marc:datafield><marc:datafield tag="245" ind1="1" ind2="0"><marc:subfield code="a">لسان العرب /</marc:subfield><marc:subfield code="c"> لأبي الفضل جمال الدين محمد بن مكّرم بن منظور الأفريقي المصري الأنصاري الخزرجي.</marc:subfield></marc:datafield><marc:datafield tag="250" ind1=" " ind2=" "><marc:subfield code="a">ط.1</marc:subfield></marc:datafield><marc:datafield tag="260" ind1=" " ind2=" "><marc:subfield code="a">القاهرة :</marc:subfield><marc:subfield code="b">المطبعة الكبرى الميرية ببولاق مصر المحمية،</marc:subfield><marc:subfield code="c">1300 هـ. [1882م].</marc:subfield></marc:datafield><marc:datafield tag="300" ind1=" " ind2=" "><marc:subfield code="a">20 ج. ؛</marc:subfield><marc:subfield code="c">28 سم.</marc:subfield></marc:datafield><marc:datafield tag="500" ind1=" " ind2=" "><marc:subfield code="a">استهلت الصفحة  الأولى بعد الغلاف بعبارة:&quot; الفريدة الجهبذية واليتيمة الألمعية، وهي تقريظ لسان العرب...&quot; كتبه الفقير إلى ربه الواهب : أحمد فارس صاحب الجوائب في 17 رجب المعظم سنة 1300. وهي مرقمة إلى الصفحة رقم(4) ثم يبدأ الترقيم من صفحة (1).</marc:subfield></marc:datafield><marc:datafield tag="500" ind1=" " ind2=" "><marc:subfield code="a">الجزء  الرابع والخامس يحتاج إلى صيانة حيث يظهر على الصفحات الأولى منه بقع توحي بوجود &quot;ِرمة&quot; أو تواجد حشرات في البقع الداكنة.</marc:subfield></marc:datafield><marc:datafield tag="500" ind1=" " ind2=" "><marc:subfield code="a">ظهرت سنة 1300هـ على الأجزاء الآتية: االأول، والثاني، والثالث، والرابع، والخامس، والسادس. وظهرت سنة 1301هـ على الأجزاء: السابع، والثامن، والتاسع، والعاشر، والحادي عشر.</marc:subfield></marc:datafield><marc:datafield tag="500" ind1=" " ind2=" "><marc:subfield code="a">نبذة من سيرة المؤلف :  هو أديب ومؤّرخ وعالم في الفقه الإسلامي واللغة العربية. من أشهر مؤّلفاته معجم لسان العرب ، هو محمد بن مكرم بن علي أبو الفضل جمال الدين ابن منظور الأنصاري الرويفعي الأفريقي، ولد في شهر محرم عام (630هـ/ 1232م)، وقد اختلفت الأقاويل حول مكان ولادته، قيل بقفصة بتونس، وقيل بطرابلس بليبيا، وقيل بمصر. ويعّد من نسل رويفع بن ثابت الأنصاري، تتلمذ على يد عبد الرحمن بن الطفيل، ومرتضى بن حاتم، ويوسف المخيلي، وأبي الحسن علي بن المقير البغدادي، والعالم الصابوني. خدم في ديوان الإنشاء بالقاهرة، ثم ولي القضاء في طرابلس، أصيب بالعمى في آواخر سنوات حياته، وتوفي في مصر في شهر شعبان عام (711هـ /1311م).</marc:subfield></marc:datafield><marc:datafield tag="500" ind1=" " ind2=" "><marc:subfield code="a">ُبدء الجزء الأول من الكتاب بترجمة المؤلف رحمه الله. ثم الصفحة التي تلتها يبدأ الكتاب ب&quot; بسم الله الرحمن الرحيم&quot; قال عبد الله محمد بن المكرم....&quot; وتجد حول متن الكتاب شروحات للنص الأصل.</marc:subfield></marc:datafield><marc:datafield tag="520" ind1=" " ind2=" "><marc:subfield code="a">لسان العرب  معجم لغوي عربّي من تصنيف ابن منظور الأنصاري (ت. 711 هـ). قال الزركلي في وصف المعجم أن مؤلفه &amp;#xab;جمع فئه أمهات كتب اللغة، فكاد يغني عنها جميعا&amp;#xbb;.قال البعلبكي: ُيعتبر أشهر المعاجم العربية غيَر ُمناَزع، لضخامة مادته، ولاشتماله على مجموعة كبيرة من الشواهد الصحيحة التي استقاها من القرآن الكريم والحديث النبوي الشريف ومن أمثال العرب وأشعارها  لسان العرب&amp;#xbb;، من أوسع معاجم العربية للألفاظ رمى مؤلفه من خلاله إلى أمرين: الاستقصاء والترتيب، وقد صّرح في مقدمة المعجم بمصادره، وهي خمسة: &amp;#xab;تهذيب اللغة&amp;#xbb; لأبي منصور الأزهري (ت 370 هـ)،  و&amp;#xab;المحكم&amp;#xbb; لابن ِسْيَده (ت 458 هـ)، و&amp;#xab;الصحاح&amp;#xbb; للجوهري (ت 393 هـ)، و&amp;#xab;حواشي ابن بّري&amp;#xbb; (ت 582 هـ) على الصحاح، و&amp;#xab;النهاية في غريب الحديث والأثر&amp;#xbb; لابن الجزري (ت 606 هـ).  وقد رّتبه على أساس الحرف الأخير من الجذر الثلاثي واضعًا، وذلك بغيَة تمكين الشعراء من العثور على القوافي التي يطلبونها لقصائدهم المطَّولة.</marc:subfield></marc:datafield><marc:datafield tag="630" ind1=" " ind2=" "><marc:subfield code="a"></marc:subfield></marc:datafield><marc:datafield tag="650" ind1=" " ind2="4"><marc:subfield code="a">اللغة العربية</marc:subfield><marc:subfield code="v">معاجم</marc:subfield><marc:subfield code="v">الأعمال المبكرة حتى 1800.</marc:subfield></marc:datafield><marc:datafield tag="775" ind1="0" ind2=" "><marc:subfield code="a">ابن منظور، محمد بن مكرم،</marc:subfield><marc:subfield code="d">بيروت : دار صادر، 1992م.</marc:subfield><marc:subfield code="f">le</marc:subfield><marc:subfield code="t">لسان العرب /</marc:subfield></marc:datafield><marc:datafield tag="949" ind1=" " ind2=" "><marc:subfield code="a">413.122 ك ل ف س</marc:subfield><marc:subfield code="v">1</marc:subfield><marc:subfield code="w">DDC</marc:subfield><marc:subfield code="i">30018000000805</marc:subfield><marc:subfield code="u">06/22/2003</marc:subfield><marc:subfield code="d">04/27/2010</marc:subfield><marc:subfield code="e">01/13/2010</marc:subfield><marc:subfield code="n">1</marc:subfield><marc:subfield code="t">Book</marc:subfield><marc:subfield code="l">i</marc:subfield><marc:subfield code="m">MAIN</marc:subfield><marc:subfield code="j">0</marc:subfield><marc:subfield code="x">RAR</marc:subfield></marc:datafield><marc:datafield tag="949" ind1=" " ind2=" "><marc:subfield code="a">413.122 ك ل ف س</marc:subfield><marc:subfield code="v">2</marc:subfield><marc:subfield code="w">DDC</marc:subfield><marc:subfield code="i">30018000000811</marc:subfield><marc:subfield code="u">06/22/2003</marc:subfield><marc:subfield code="d">04/27/2010</marc:subfield><marc:subfield code="e">01/13/2010</marc:subfield><marc:subfield code="n">1</marc:subfield><marc:subfield code="t">Book</marc:subfield><marc:subfield code="l">i</marc:subfield><marc:subfield code="m">MAIN</marc:subfield><marc:subfield code="j">0</marc:subfield><marc:subfield code="x">RAR</marc:subfield></marc:datafield><marc:datafield tag="949" ind1=" " ind2=" "><marc:subfield code="a">413.122 ك ل ف س</marc:subfield><marc:subfield code="v">3</marc:subfield><marc:subfield code="w">DDC</marc:subfield><marc:subfield code="i">30018000000802</marc:subfield><marc:subfield code="u">06/22/2003</marc:subfield><marc:subfield code="d">04/27/2010</marc:subfield><marc:subfield code="e">01/13/2010</marc:subfield><marc:subfield code="n">1</marc:subfield><marc:subfield code="t">Book</marc:subfield><marc:subfield code="l">i</marc:subfield><marc:subfield code="m">MAIN</marc:subfield><marc:subfield code="j">0</marc:subfield><marc:subfield code="x">RAR</marc:subfield></marc:datafield><marc:datafield tag="949" ind1=" " ind2=" "><marc:subfield code="a">413.122 ك ل ف س</marc:subfield><marc:subfield code="v">4</marc:subfield><marc:subfield code="w">DDC</marc:subfield><marc:subfield code="i">30018000000806</marc:subfield><marc:subfield code="u">06/22/2003</marc:subfield><marc:subfield code="d">04/27/2010</marc:subfield><marc:subfield code="e">01/13/2010</marc:subfield><marc:subfield code="n">1</marc:subfield><marc:subfield code="t">Book</marc:subfield><marc:subfield code="l">i</marc:subfield><marc:subfield code="m">MAIN</marc:subfield><marc:subfield code="j">0</marc:subfield><marc:subfield code="x">RAR</marc:subfield></marc:datafield><marc:datafield tag="949" ind1=" " ind2=" "><marc:subfield code="a">413.122 ك ل ف س</marc:subfield><marc:subfield code="v">6</marc:subfield><marc:subfield code="w">DDC</marc:subfield><marc:subfield code="i">30018000000808</marc:subfield><marc:subfield code="u">06/22/2003</marc:subfield><marc:subfield code="d">04/27/2010</marc:subfield><marc:subfield code="e">01/13/2010</marc:subfield><marc:subfield code="n">1</marc:subfield><marc:subfield code="t">Book</marc:subfield><marc:subfield code="l">i</marc:subfield><marc:subfield code="m">MAIN</marc:subfield><marc:subfield code="j">0</marc:subfield><marc:subfield code="x">RAR</marc:subfield></marc:datafield><marc:datafield tag="949" ind1=" " ind2=" "><marc:subfield code="a">413.122 ك ل ف س</marc:subfield><marc:subfield code="v">7</marc:subfield><marc:subfield code="w">DDC</marc:subfield><marc:subfield code="i">30018000000800</marc:subfield><marc:subfield code="u">06/22/2003</marc:subfield><marc:subfield code="d">04/27/2010</marc:subfield><marc:subfield code="e">01/13/2010</marc:subfield><marc:subfield code="n">1</marc:subfield><marc:subfield code="t">Book</marc:subfield><marc:subfield code="l">i</marc:subfield><marc:subfield code="m">MAIN</marc:subfield><marc:subfield code="j">0</marc:subfield><marc:subfield code="x">RAR</marc:subfield></marc:datafield><marc:datafield tag="949" ind1=" " ind2=" "><marc:subfield code="a">413.122 ك ل ف س</marc:subfield><marc:subfield code="v">8</marc:subfield><marc:subfield code="w">DDC</marc:subfield><marc:subfield code="i">30018000000809</marc:subfield><marc:subfield code="u">06/22/2003</marc:subfield><marc:subfield code="d">04/27/2010</marc:subfield><marc:subfield code="e">01/13/2010</marc:subfield><marc:subfield code="n">1</marc:subfield><marc:subfield code="t">Book</marc:subfield><marc:subfield code="l">i</marc:subfield><marc:subfield code="m">MAIN</marc:subfield><marc:subfield code="j">0</marc:subfield><marc:subfield code="x">RAR</marc:subfield></marc:datafield><marc:datafield tag="949" ind1=" " ind2=" "><marc:subfield code="a">413.122 ك ل ف س</marc:subfield><marc:subfield code="v">9</marc:subfield><marc:subfield code="w">DDC</marc:subfield><marc:subfield code="i">30018000000804</marc:subfield><marc:subfield code="u">06/22/2003</marc:subfield><marc:subfield code="d">04/27/2010</marc:subfield><marc:subfield code="e">01/13/2010</marc:subfield><marc:subfield code="n">1</marc:subfield><marc:subfield code="t">Book</marc:subfield><marc:subfield code="l">i</marc:subfield><marc:subfield code="m">MAIN</marc:subfield><marc:subfield code="j">0</marc:subfield><marc:subfield code="x">RAR</marc:subfield></marc:datafield><marc:datafield tag="949" ind1=" " ind2=" "><marc:subfield code="a">413.122 ك ل ف س</marc:subfield><marc:subfield code="v">5</marc:subfield><marc:subfield code="w">DDC</marc:subfield><marc:subfield code="i">30018000000801</marc:subfield><marc:subfield code="u">06/22/2003</marc:subfield><marc:subfield code="d">04/27/2010</marc:subfield><marc:subfield code="e">01/13/2010</marc:subfield><marc:subfield code="n">1</marc:subfield><marc:subfield code="t">Book</marc:subfield><marc:subfield code="l">i</marc:subfield><marc:subfield code="m">MAIN</marc:subfield><marc:subfield code="j">0</marc:subfield><marc:subfield code="x">RAR</marc:subfield></marc:datafield><marc:datafield tag="949" ind1=" " ind2=" "><marc:subfield code="a">413.122 ك ل ف س</marc:subfield><marc:subfield code="v">11</marc:subfield><marc:subfield code="w">DDC</marc:subfield><marc:subfield code="i">30018000000803</marc:subfield><marc:subfield code="u">06/22/2003</marc:subfield><marc:subfield code="d">04/27/2010</marc:subfield><marc:subfield code="e">01/13/2010</marc:subfield><marc:subfield code="n">1</marc:subfield><marc:subfield code="t">Book</marc:subfield><marc:subfield code="l">i</marc:subfield><marc:subfield code="m">MAIN</marc:subfield><marc:subfield code="j">0</marc:subfield><marc:subfield code="x">RAR</marc:subfield></marc:datafield><marc:datafield tag="949" ind1=" " ind2=" "><marc:subfield code="a">413.122 ك ل ف س</marc:subfield><marc:subfield code="v">12</marc:subfield><marc:subfield code="w">DDC</marc:subfield><marc:subfield code="i">30018000000815</marc:subfield><marc:subfield code="u">06/22/2003</marc:subfield><marc:subfield code="d">04/27/2010</marc:subfield><marc:subfield code="e">01/13/2010</marc:subfield><marc:subfield code="n">1</marc:subfield><marc:subfield code="t">Book</marc:subfield><marc:subfield code="l">i</marc:subfield><marc:subfield code="m">MAIN</marc:subfield><marc:subfield code="j">0</marc:subfield><marc:subfield code="x">RAR</marc:subfield></marc:datafield><marc:datafield tag="949" ind1=" " ind2=" "><marc:subfield code="a">413.122 ك ل ف س</marc:subfield><marc:subfield code="v">13</marc:subfield><marc:subfield code="w">DDC</marc:subfield><marc:subfield code="i">30018000000816</marc:subfield><marc:subfield code="u">06/22/2003</marc:subfield><marc:subfield code="d">04/27/2010</marc:subfield><marc:subfield code="e">01/13/2010</marc:subfield><marc:subfield code="n">1</marc:subfield><marc:subfield code="t">Book</marc:subfield><marc:subfield code="l">i</marc:subfield><marc:subfield code="m">MAIN</marc:subfield><marc:subfield code="j">0</marc:subfield><marc:subfield code="x">RAR</marc:subfield></marc:datafield><marc:datafield tag="949" ind1=" " ind2=" "><marc:subfield code="a">413.122 ك ل ف س</marc:subfield><marc:subfield code="v">14</marc:subfield><marc:subfield code="w">DDC</marc:subfield><marc:subfield code="i">30018000000817</marc:subfield><marc:subfield code="u">06/22/2003</marc:subfield><marc:subfield code="d">04/27/2010</marc:subfield><marc:subfield code="e">01/13/2010</marc:subfield><marc:subfield code="n">1</marc:subfield><marc:subfield code="t">Book</marc:subfield><marc:subfield code="l">i</marc:subfield><marc:subfield code="m">MAIN</marc:subfield><marc:subfield code="j">0</marc:subfield><marc:subfield code="x">RAR</marc:subfield></marc:datafield><marc:datafield tag="949" ind1=" " ind2=" "><marc:subfield code="a">413.122 ك ل ف س</marc:subfield><marc:subfield code="v">15</marc:subfield><marc:subfield code="w">DDC</marc:subfield><marc:subfield code="i">30018000000799</marc:subfield><marc:subfield code="u">06/22/2003</marc:subfield><marc:subfield code="d">04/27/2010</marc:subfield><marc:subfield code="e">01/13/2010</marc:subfield><marc:subfield code="n">1</marc:subfield><marc:subfield code="t">Book</marc:subfield><marc:subfield code="l">i</marc:subfield><marc:subfield code="m">MAIN</marc:subfield><marc:subfield code="j">0</marc:subfield><marc:subfield code="x">RAR</marc:subfield></marc:datafield><marc:datafield tag="949" ind1=" " ind2=" "><marc:subfield code="a">413.122 ك ل ف س</marc:subfield><marc:subfield code="v">17</marc:subfield><marc:subfield code="w">DDC</marc:subfield><marc:subfield code="i">30018000000807</marc:subfield><marc:subfield code="u">06/22/2003</marc:subfield><marc:subfield code="d">04/27/2010</marc:subfield><marc:subfield code="e">01/13/2010</marc:subfield><marc:subfield code="n">1</marc:subfield><marc:subfield code="t">Book</marc:subfield><marc:subfield code="l">i</marc:subfield><marc:subfield code="m">MAIN</marc:subfield><marc:subfield code="j">0</marc:subfield><marc:subfield code="x">RAR</marc:subfield></marc:datafield><marc:datafield tag="949" ind1=" " ind2=" "><marc:subfield code="a">413.122 ك ل ف س</marc:subfield><marc:subfield code="v">18</marc:subfield><marc:subfield code="w">DDC</marc:subfield><marc:subfield code="i">30018000000810</marc:subfield><marc:subfield code="u">06/22/2003</marc:subfield><marc:subfield code="d">04/27/2010</marc:subfield><marc:subfield code="e">01/13/2010</marc:subfield><marc:subfield code="n">1</marc:subfield><marc:subfield code="t">Book</marc:subfield><marc:subfield code="l">i</marc:subfield><marc:subfield code="m">MAIN</marc:subfield><marc:subfield code="j">0</marc:subfield><marc:subfield code="x">RAR</marc:subfield></marc:datafield><marc:datafield tag="949" ind1=" " ind2=" "><marc:subfield code="a">413.122 ك ل ف س</marc:subfield><marc:subfield code="v">19</marc:subfield><marc:subfield code="w">DDC</marc:subfield><marc:subfield code="i">30018000000814</marc:subfield><marc:subfield code="u">06/22/2003</marc:subfield><marc:subfield code="d">04/27/2010</marc:subfield><marc:subfield code="e">01/13/2010</marc:subfield><marc:subfield code="n">1</marc:subfield><marc:subfield code="t">Book</marc:subfield><marc:subfield code="l">i</marc:subfield><marc:subfield code="m">MAIN</marc:subfield><marc:subfield code="j">0</marc:subfield><marc:subfield code="x">RAR</marc:subfield></marc:datafield><marc:datafield tag="949" ind1=" " ind2=" "><marc:subfield code="a">413.122 ك ل ف س</marc:subfield><marc:subfield code="v">20</marc:subfield><marc:subfield code="w">DDC</marc:subfield><marc:subfield code="i">30018000000812</marc:subfield><marc:subfield code="u">06/22/2003</marc:subfield><marc:subfield code="d">04/27/2010</marc:subfield><marc:subfield code="e">01/13/2010</marc:subfield><marc:subfield code="n">1</marc:subfield><marc:subfield code="t">Book</marc:subfield><marc:subfield code="l">i</marc:subfield><marc:subfield code="m">MAIN</marc:subfield><marc:subfield code="j">0</marc:subfield><marc:subfield code="x">RAR</marc:subfield></marc:datafield><marc:datafield tag="949" ind1=" " ind2=" "><marc:subfield code="a">413.122 ك ل ف س</marc:subfield><marc:subfield code="v">10</marc:subfield><marc:subfield code="w">DDC</marc:subfield><marc:subfield code="i">30018000000798</marc:subfield><marc:subfield code="u">06/22/2003</marc:subfield><marc:subfield code="d">04/27/2010</marc:subfield><marc:subfield code="e">01/13/2010</marc:subfield><marc:subfield code="n">1</marc:subfield><marc:subfield code="t">Book</marc:subfield><marc:subfield code="l">i</marc:subfield><marc:subfield code="m">MAIN</marc:subfield><marc:subfield code="j">0</marc:subfield><marc:subfield code="x">RAR</marc:subfield></marc:datafield><marc:datafield tag="949" ind1=" " ind2=" "><marc:subfield code="a">413.122 ك ل ف س</marc:subfield><marc:subfield code="v">16</marc:subfield><marc:subfield code="w">DDC</marc:subfield><marc:subfield code="i">30018000000813</marc:subfield><marc:subfield code="u">06/22/2003</marc:subfield><marc:subfield code="d">04/27/2010</marc:subfield><marc:subfield code="e">01/13/2010</marc:subfield><marc:subfield code="n">1</marc:subfield><marc:subfield code="t">Book</marc:subfield><marc:subfield code="l">i</marc:subfield><marc:subfield code="m">MAIN</marc:subfield><marc:subfield code="j">0</marc:subfield><marc:subfield code="x">RAR</marc:subfield></marc:datafield></marc:record>
</marc:collection>
